@book{hatcher2002algebraic,
  title     = {Algebraic Topology},
  author    = {Hatcher, A. and Cambridge University Press and Cornell University. Department of Mathematics},
  isbn      = {9780521795401},
  lccn      = {00065166},
  series    = {Algebraic Topology},
  url       = {https://books.google.com/books?id=BjKs86kosqgC},
  year      = {2002},
  publisher = {Cambridge University Press}
}
