@book{flaherty2013riemannian,
  title     = {Riemannian Geometry},
  author    = {Flaherty, F. and do Carmo, M.P.},
  isbn      = {9780817634902},
  lccn      = {91037377},
  series    = {Mathematics: Theory \& Applications},
  url       = {https://books.google.com/books?id=ct91XCWkWEUC},
  year      = {2013},
  publisher = {Birkh{\"a}user Boston}
}
