@book{williamson2011design,
  title     = {The Design of Approximation Algorithms},
  author    = {Williamson, D.P. and Shmoys, D.B.},
  isbn      = {9781139498173},
  url       = {https://books.google.com/books?id=Cc\_Fdqf3bBgC},
  year      = {2011},
  publisher = {Cambridge University Press}
}

@book{vazirani2002approximation,
  title     = {Approximation Algorithms},
  author    = {Vazirani, V.V.},
  isbn      = {9783540653677},
  lccn      = {2001042005},
  url       = {https://books.google.com/books?id=EILqAmzKgYIC},
  year      = {2002},
  publisher = {Springer Berlin Heidelberg}
}

@misc{https://doi.org/10.48550/arxiv.1404.5236,
  doi       = {10.48550/ARXIV.1404.5236},
  url       = {https://arxiv.org/abs/1404.5236},
  author    = {Barak, Boaz and Steurer, David},
  title     = {Sum-of-squares proofs and the quest toward optimal algorithms},
  publisher = {arXiv},
  year      = {2014},
  copyright = {arXiv.org perpetual, non-exclusive license}
}

@misc{https://doi.org/10.48550/arxiv.2105.10386,
  doi       = {10.48550/ARXIV.2105.10386},
  url       = {https://arxiv.org/abs/2105.10386},
  author    = {O'Donnell, Ryan},
  title     = {Analysis of Boolean Functions},
  publisher = {arXiv},
  year      = {2021},
  copyright = {Creative Commons Attribution Non Commercial No Derivatives 4.0 International}
}
