@book{boyd2004convex,
  title     = {Convex optimization},
  author    = {Boyd, Stephen and Vandenberghe, Lieven},
  year      = {2004},
  publisher = {Cambridge university press}
}