@book{vandervaartWeakConvergenceEmpirical1996,
  title     = {Weak {{Convergence}} and {{Empirical Processes}}},
  author    = {Van Der Vaart, Aad W. and Wellner, Jon A.},
  year      = {1996},
  series    = {Springer {{Series}} in {{Statistics}}},
  publisher = {{Springer}},
  address   = {{New York, NY}},
  doi       = {10.1007/978-1-4757-2545-2},
  urldate   = {2023-08-21},
  isbn      = {978-1-4757-2547-6 978-1-4757-2545-2},
  keywords  = {Estimator,Mathematics,Maxima,Maximum,Minimum,Random variable,Statistics},
  file      = {/Users/pbb/Zotero/storage/9H6WMWGR/Van Der Vaart and Wellner - 1996 - Weak Convergence and Empirical Processes.pdf}
}
